@misc{WhatiseB81:online,
    author = {{eBPF.io}},
    title = {What is eBPF? An Introduction and Deep Dive into the eBPF Technology},
    howpublished = {\url{https://ebpf.io/what-is-ebpf/}},
    note = {(Accessed on 11/19/2024)}
}


@article{mayer2021performance,
  title={Performance Monitoring with Hˆ2: Hybrid Kernel/eBPF data plane for SRv6 based Hybrid SDN},
  author={Mayer, Andrea and Loreti, Pierpaolo and Bracciale, Lorenzo and Lungaroni, Paolo and Salsano, Stefano and Filsfils, Clarence},
  journal={Computer Networks},
  volume={185},
  pages={107705},
  year={2021},
  publisher={Elsevier}
}

@article{oz2022survey,
  title={A survey on ransomware: Evolution, taxonomy, and defense solutions},
  author={Oz, Harun and Aris, Ahmet and Levi, Albert and Uluagac, A Selcuk},
  journal={ACM Computing Surveys (CSUR)},
  volume={54},
  number={11s},
  pages={1--37},
  year={2022},
  publisher={ACM New York, NY}
}
@inproceedings{kolodenker2017paybreak,
  title={Paybreak: Defense against cryptographic ransomware},
  author={Kolodenker, Eugene and Koch, William and Stringhini, Gianluca and Egele, Manuel},
  booktitle={Proceedings of the 2017 ACM on Asia conference on computer and communications security},
  pages={599--611},
  year={2017}
}

@inproceedings{liao2016behind,
  title={Behind closed doors: measurement and analysis of CryptoLocker ransoms in Bitcoin},
  author={Liao, Kevin and Zhao, Ziming and Doup{\'e}, Adam and Ahn, Gail-Joon},
  booktitle={2016 APWG symposium on electronic crime research (eCrime)},
  pages={1--13},
  year={2016},
  organization={IEEE}
}

@inproceedings{WannaCry,
  title={Static and dynamic analysis of WannaCry ransomware},
  author={Akbanov, Maxat and Vassilakis, Vassilios G and Moscholios, Ioannis D and Logothetis, Michael D},
  booktitle={Proc. IEICE Inform. and Commun. Technol. Forum ICTF 2018},
  year={2018}
}

@misc{Petya-No22:online,
    author = {Cloudflare},
    title = {What are Petya and NotPetya? | Ransomware attacks | Cloudflare},
    howpublished = {\url{https://www.cloudflare.com/learning/security/ransomware/petya-notpetya-ransomware/}},
    note = {(Accessed on 11/22/2024)}
}

@misc{Ransomwa86:online,
    author = {Chainalysis},
    title = {Ransomware Hit \$1 Billion in 2023},
    howpublished = {\url{https://www.chainalysis.com/blog/ransomware-2024/}},
    note = {(Accessed on 11/09/2024)}
}

@inproceedings{huang2017flashguard,
  title={Flashguard: Leveraging intrinsic flash properties to defend against encryption ransomware},
  author={Huang, Jian and Xu, Jun and Xing, Xinyu and Liu, Peng and Qureshi, Moinuddin K},
  booktitle={Proceedings of the 2017 ACM SIGSAC conference on computer and communications security},
  pages={2231--2244},
  year={2017}
}

@inproceedings{baek2018ssd,
  title={SSD-insider: Internal defense of solid-state drive against ransomware with perfect data recovery},
  author={Baek, SungHa and Jung, Youngdon and Mohaisen, Aziz and Lee, Sungjin and Nyang, DaeHun},
  booktitle={2018 IEEE 38th International Conference on Distributed Computing Systems (ICDCS)},
  pages={875--884},
  year={2018},
  organization={IEEE}
}

@INPROCEEDINGS{rename-7924925,
  author={Weckstén, Mattias and Frick, Jan and Sjöström, Andreas and Järpe, Eric},
  booktitle={2016 2nd IEEE International Conference on Computer and Communications (ICCC)}, 
  title={A novel method for recovery from Crypto Ransomware infections}, 
  year={2016},
  volume={},
  number={},
  pages={1354-1358},
  keywords={Encryption;Software;Command and control systems;Servers;Computers;Payloads;crypto ransomware;malware;recovery;extortion;network security},
  doi={10.1109/CompComm.2016.7924925}
}

@inproceedings{park2019ransomblocker,
  title={RansomBlocker: A low-overhead ransomware-proof SSD},
  author={Park, Jisung and Jung, Youngdon and Won, Jonghoon and Kang, Minji and Lee, Sungjin and Kim, Jihong},
  booktitle={Proceedings of the 56th Annual Design Automation Conference 2019},
  pages={1--6},
  year={2019}
}

@misc{EVPEncry59:online,
    author = {{OpenSSL}},
    title = {EVP\_EncryptInit - OpenSSL Documentation},
    howpublished = {\url{https://docs.openssl.org/3.3/man3/EVP\_EncryptInit}},
    note = {(Accessed on 11/20/2024)}
}

@misc{eBPFforW29:online,
    author = {Microsoft},
    title = {eBPF for Windows: Main Page},
    howpublished = {\url{https://microsoft.github.io/ebpf-for-windows/}},
    note = {(Accessed on 08/11/2024)}
}

@article{kapoor2021ransomware,
  title={Ransomware detection, avoidance, and mitigation scheme: a review and future directions},
  author={Kapoor, Adhirath and Gupta, Ankur and Gupta, Rajesh and Tanwar, Sudeep and Sharma, Gulshan and Davidson, Innocent E},
  journal={Sustainability},
  volume={14},
  number={1},
  pages={8},
  year={2021},
  publisher={MDPI}
}

@article{mitigation-modern,
  title={Ransomware mitigation in the modern era: A comprehensive review, research challenges, and future directions},
  author={McIntosh, Timothy and Kayes, ASM and Chen, Yi-Ping Phoebe and Ng, Alex and Watters, Paul},
  journal={ACM Computing Surveys (CSUR)},
  volume={54},
  number={9},
  pages={1--36},
  year={2021},
  publisher={ACM New York, NY}
}

@inproceedings{alam2019ratafia,
  title={RATAFIA: Ransomware analysis using time and frequency informed autoencoders},
  author={Alam, Manaar and Bhattacharya, Sarani and Dutta, Swastika and Sinha, Sayan and Mukhopadhyay, Debdeep and Chattopadhyay, Anupam},
  booktitle={2019 IEEE International Symposium on Hardware Oriented Security and Trust (HOST)},
  pages={218--227},
  year={2019},
  organization={IEEE}
}

@misc{BPFringb15:online,
    author = {Andrii Nakryiko},
    title = {{BPF ring buffer}},
    howpublished = {\url{https://nakryiko.com/posts/bpf-ringbuf/}},
    note = {(Accessed on 08/15/2024)}
}

@misc{tpkadoka23:online,
    author = {KADOKAWA},
    title = {{ランサムウェア攻撃による情報漏洩に関するお知らせ | KADOKAWA}},
    howpublished = {\url{https://www.kadokawa.co.jp/topics/12088/}},
    note = {(Accessed on 08/16/2024)}
}

@inproceedings{liu2024understanding,
  title={Understanding Performance of eBPF Maps},
  author={Liu, Chang and Tak, Byungchul and Wang, Long},
  booktitle={Proceedings of the ACM SIGCOMM 2024 Workshop on eBPF and Kernel Extensions},
  pages={9--15},
  year={2024}
}

@article{css2024,
  title={ファイルの侵害をフックすることによる ランサムウェアからのデータ保護システム},
  author={手塚尚哉 and others},
  journal={コンピュータセキュリティシンポジウム 2024 論文集},
  pages={1117--1125},
  year={2024}
}

@misc{opensslo30:online,
    author = {{OpenSSL}},
    title = {openssl.org},
    howpublished = {\url{https://www.openssl.org/}},
    note = {(Accessed on 11/18/2024)}
}

@misc{sysbench:online,
    author = {akopytov},
    title = {akopytov/sysbench: Scriptable database and system performance benchmark},
    howpublished = {\url{https://github.com/akopytov/sysbench}},
    note = {(Accessed on 11/19/2024)}
}

@misc{sophos-report:online,
    author = {SOPHOS},
    title = {2024 Ransomware Report: Sophos State of Ransomware},
    howpublished = {\url{https://www.sophos.com/en-us/content/state-of-ransomware}},
    note = {(Accessed on 11/21/2024)}
}

@inproceedings{wang2024ransom,
  title={Ransom Access Memories: Achieving Practical Ransomware Protection in Cloud with $\{$DeftPunk$\}$},
  author={Wang, Zhongyu and Song, Yaheng and Xu, Erci and Wu, Haonan and Tong, Guangxun and Sun, Shizhuo and Li, Haoran and Liu, Jincheng and Ding, Lijun and Liu, Rong and others},
  booktitle={18th USENIX Symposium on Operating Systems Design and Implementation (OSDI 24)},
  pages={687--702},
  year={2024}
}

@article{early-detection,
  title={Ransomware early detection: A survey},
  author={Cen, Mingcan and Jiang, Frank and Qin, Xingsheng and Jiang, Qinghong and Doss, Robin},
  journal={Computer Networks},
  volume={239},
  pages={110138},
  year={2024},
  publisher={Elsevier}
}

@inproceedings{kharraz2017redemption,
  title={Redemption: Real-time protection against ransomware at end-hosts},
  author={Kharraz, Amin and Kirda, Engin},
  booktitle={Research in Attacks, Intrusions, and Defenses: 20th International Symposium, RAID 2017, Atlanta, GA, USA, September 18--20, 2017, Proceedings},
  pages={98--119},
  year={2017},
  organization={Springer}
}

@inproceedings{mehnaz2018rwguard,
  title={Rwguard: A real-time detection system against cryptographic ransomware},
  author={Mehnaz, Shagufta and Mudgerikar, Anand and Bertino, Elisa},
  booktitle={International Symposium on Research in Attacks, Intrusions, and Defenses},
  pages={114--136},
  year={2018},
  organization={Springer}
}

@inproceedings{han2020effectiveness,
  title={On the effectiveness of behavior-based ransomware detection},
  author={Han, Jaehyun and Lin, Zhiqiang and Porter, Donald E},
  booktitle={Security and Privacy in Communication Networks: 16th EAI International Conference, SecureComm 2020, Washington, DC, USA, October 21-23, 2020, Proceedings, Part II 16},
  pages={120--140},
  year={2020},
  organization={Springer}
}

@misc{nowhere-ransom,
    author = {警視庁},
    title = {令和５年におけるサイバー空間をめぐる脅威の情勢等について},
    howpublished = {\url{https://www.npa.go.jp/publications/statistics/cybersecurity/data/R5/R05_cyber_jousei.pdf}},
    note = {(Accessed on 11/23/2024)}
}

@inproceedings{mamba-petya,
  title={Ransomware analysis using cyber kill chain},
  author={Mirza, Qublai K Ali and Brown, Martin and Halling, Oliver and Shand, Louie and Alam, Abu},
  booktitle={2021 8th International Conference on Future Internet of Things and Cloud (FiCloud)},
  pages={58--65},
  year={2021},
  organization={IEEE}
}

@article{file-size-dist,
  title={How Big Are Peoples' Computer Files? File Size Distributions Among User-managed Collections},
  author={Dinneen, Jesse David and Nguyen, Ba Xuan},
  journal={Proceedings of the Association for Information Science and Technology},
  volume={58},
  number={1},
  pages={425--429},
  year={2021},
  publisher={Wiley Online Library}
}

@article{Evolution-Ransomware,
  title={The Evolution of Ransomware: Tactics, Techniques, and Mitigation Strategies},
  author={Nagar, Gourav},
  journal={Valley International Journal Digital Library},
  pages={1282--1298},
  year={2024}
}

@article{veena2021incremental,
  title={An incremental snapshot system using smart backup for persistent disks in cloud},
  author={Veena, S and Aravindhar, D John and Sudha, L and Aruna, KB},
  year={2021}
}


@Article{McCarthy60,
  author = {John McCarthy},
  title = {Recursive functions of symbolic expressions and their computation by machine},
  journal = {Communications of the ACM},
  volume = {3},
  number = {4},
  pages = {184--195},
  year = {1960}
}
  
@misc{aids-trojan,
  author = {Virus Bulletin},
  title = {Trojan horse: AIDS information introductory diskette version 2.0.},
  howpublished = {\url{https://www.virusbulletin.com/uploads/pdf/magazine/1990/199001.pdf}},
  note = {(Accessed on 12/08/2024)}
}

@misc{PGPCoder42:online,
  author = {Wikipedia},
  title = {PGPCoder - Wikipedia},
  howpublished = {\url{https://en.wikipedia.org/wiki/PGPCoder}},
  note = {(Accessed on 12/08/2024)}
}

@misc{ctb-locker,
  author = {SOPHOS},
  title = {The current state of ransomware: CTB-Locker – Sophos News},
  howpublished = {\url{https://news.sophos.com/en-us/2015/12/31/the-current-state-of-ransomware-ctb-locker/}},
  year = {2015},
  note = {(Accessed on 12/08/2024)}
}

@inproceedings{byrne2017jigsaw,
  title={Jigsaw: an investigation and countermeasure for ransomware attacks},
  author={Byrne, Dermot and Thorpe, Christina},
  booktitle={European Conference on Cyber Warfare and Security},
  pages={656--665},
  year={2017},
  organization={Academic Conferences International Limited}
}

@misc{ISOIEC2784:online,
  author = {ISO},
  title = {ISO/IEC 27001:2022 - Information security management systems},
  howpublished = {\url{https://www.iso.org/standard/27001}},
  year = {2022},
  note = {(Accessed on 12/09/2024)}
}

@article{begovic2023cryptographic,
  title={Cryptographic ransomware encryption detection: Survey},
  author={Begovic, Kenan and Al-Ali, Abdulaziz and Malluhi, Qutaibah},
  journal={Computers \& Security},
  volume={132},
  pages={103349},
  year={2023},
  publisher={Elsevier}
}

@inproceedings{key-management,
  title={A key-management-based taxonomy for ransomware},
  author={Bajpai, Pranshu and Sood, Aditya K and Enbody, Richard},
  booktitle={2018 APWG Symposium on Electronic Crime Research (eCrime)},
  pages={1--12},
  year={2018},
  organization={IEEE}
}

@misc{DarkSide42:online,
  author = {TrendMicro},
  title = {DarkSide on Linux: Virtual Machines Targeted | Trend Micro (US)},
  howpublished = {\url{https://www.trendmicro.com/en_us/research/21/e/darkside-linux-vms-targeted.html}},
  month = {May},
  year = {2021},
  note = {(Accessed on 12/09/2024)}
}

@misc{VMwarevS52:online,
  author = {vmware},
  title = {VMware vSphere | Virtualization Platform},
  howpublished = {\url{https://www.vmware.com/products/cloud-infrastructure/vsphere}},
  note = {(Accessed on 12/09/2024)}
}

@misc{zscaler-ransomware,
  author = {Zscaler},
  title = {2023 ThreatLabz State of Ransomware Report | Zscaler},
  howpublished = {\url{https://info.zscaler.com/resources-industry-reports-2023-threatlabz-ransomware-report}},
  year = {2023},
  note = {(Accessed on 12/09/2024)}
}
